@book{bhl16001,
	title = {Animal intelligence; experimental studies  },
	copyright = {Public domain.  The BHL considers that this work is no longer under copyright protection.},
	url = {https://www.biodiversitylibrary.org/item/16001},
	note = {https://www.biodiversitylibrary.org/bibliography/55072 --- The study of consciousness and the study of behavior.--Animal intelligence.--The instinctive reactions of young chicks.--A note on the psychology of fishes.--The mental life of the monkeys.--Law and hypotheses of behavior.--The evolution of the human intellect.},
	publisher = {New York, The Macmillan Company, 1911},
	author = {Thorndike, Edward L. (Edward Lee),},
	year = {1911},
	pages = {324},
	keywords = {Animal intelligence|},
}